<record><leader>00000cas a22000007a 4500</leader><controlfield tag="001">17937661</controlfield><controlfield tag="008">880511d19011986ohuwr ne      0    0eng d</controlfield><datafield ind1=" " ind2=" " tag="010"><subfield code="a">sn 88077429 </subfield></datafield><datafield ind1=" " ind2=" " tag="040"><subfield code="a">ONP</subfield><subfield code="b">eng</subfield><subfield code="c">ONP</subfield><subfield code="d">NSD</subfield><subfield code="d">ONP</subfield><subfield code="d">OCL</subfield><subfield code="d">OCLCQ</subfield></datafield><datafield ind1=" " ind2=" " tag="042"><subfield code="a">msc</subfield></datafield><datafield ind1="0" ind2="4" tag="245"><subfield code="a">The Millcreek Valley news.</subfield></datafield><datafield ind1=" " ind2=" " tag="260"><subfield code="a">Lockland, Ohio :</subfield><subfield code="b">Review Pub. Co.,</subfield><subfield code="c">-1986.</subfield></datafield><datafield ind1=" " ind2=" " tag="300"><subfield code="a">v.</subfield></datafield><datafield ind1=" " ind2=" " tag="310"><subfield code="a">Weekly</subfield></datafield><datafield ind1="1" ind2=" " tag="362"><subfield code="a">Began in 1901.</subfield></datafield><datafield ind1="0" ind2=" " tag="362"><subfield code="a">-v. 101, no. 39 (Sept. 24, 1986).</subfield></datafield><datafield ind1=" " ind2=" " tag="500"><subfield code="a">Published in Lockland, Ohio, 1901-June 2, 1977; Reading, Ohio, June 9, 1977-&lt;1984&gt;; and Cincinnati, Ohio thereafter.</subfield></datafield><datafield ind1=" " ind2=" " tag="588"><subfield code="a">Description based on: Vol. 17, no. 3 (Jan. 5, 1901).</subfield></datafield><datafield ind1=" " ind2=" " tag="752"><subfield code="a">United States</subfield><subfield code="b">Ohio</subfield><subfield code="c">Hamilton</subfield><subfield code="d">Lockland.</subfield></datafield><datafield ind1=" " ind2=" " tag="752"><subfield code="a">United States</subfield><subfield code="b">Ohio</subfield><subfield code="c">Hamilton</subfield><subfield code="d">Reading.</subfield></datafield><datafield ind1=" " ind2=" " tag="752"><subfield code="a">United States</subfield><subfield code="b">Ohio</subfield><subfield code="c">Hamilton</subfield><subfield code="d">Cincinnati.</subfield></datafield><datafield ind1="0" ind2="0" tag="780"><subfield code="t">Review and news</subfield><subfield code="w">(DLC)sn 91069628</subfield></datafield><datafield ind1="0" ind2="0" tag="785"><subfield code="t">Millcreek Valley news-press</subfield><subfield code="x">1044-3878</subfield><subfield code="w">(DLC)sn 88077430</subfield><subfield code="w">(OCoLC)17937667</subfield></datafield></record>